@article{duane1987hybrid,
  title={Hybrid monte carlo},
  author={Duane, Simon and Kennedy, Anthony D and Pendleton, Brian J and Roweth, Duncan},
  journal={Physics letters B},
  volume={195},
  number={2},
  pages={216--222},
  year={1987},
  publisher={Elsevier}
}

@article{hoffman2011no,
  title={The No-U-Turn Sampler: Adaptively Setting Path Lengths in Hamiltonian Monte Carlo},
  author={Hoffman, Matthew D and Gelman, Andrew},
  journal={arXiv preprint arXiv:1111.4246},
  year={2011}
}


@article{nesterov2009dual,
  title={Primal-dual subgradient methods for convex problems},
  author={Nesterov, Yurii},
  journal={Mathematical programming},
  volume={120},
  number={1},
  pages={221--259},
  year={2009},
  publisher={Springer}
}


@ONLINE{blogpost,
author = {Neal, Radford},
title = {Evaluation of NUTS â€” more comments on the paper by Hoffman and Gelman},
year = {2012},
url = {https://radfordneal.wordpress.com/2012/01/27/evaluation-of-nuts-more-comments-on-the-paper-by-hoffman-and-gelman/}
}

